@article{DBLP:journals/corr/GuptaAGN15,
	author    = {Laurent Lessard},
	title     = {A Fake Bibliography Item to Serve as an Example},
	journal   = {Journal of Lies},
	volume    = {1},
	year      = {2016},
	url       = {http://www.google.com},
	timestamp = {Mon, 02 Mar 2015 14:17:34 +0100}
}